@online{scikit-learn-svm,
  author = {},
  title = {Support Vector Machines (SVM)},
  url = {https://scikit-learn.org/stable/modules/svm.html},
}

@online{notebook,
  author = {Ponomarenko, S.},
  title = {Notebook: Support Vector Machines (SVM)},
  url = {https://github.com/sergiokapone/DataScience/blob/main/Hw5/TeX/SVM.ipynb},
}

@online{gopalan,
    title={Support Vector Machine: Kernel Trick; Mercerâ€™s Theorem},
    author={Saptashwa Bhattacharyya},
    journal={Towards Data Science},
    year={2018},
    url={https://towardsdatascience.com/understanding-support-vector-machine-part-2-kernel-trick-mercers-theorem-e1e6848c6c4d}
}

@online{kudin5-1,
    title={Lecture on Data Science. Module 5: SVM},
    author={Oleksii Kudin},
    year={2023},
    url={https://bit.ly/45C1ipA}
}


